@article{englert2006,
    author =       "Matthias Englert, Heiko Röglin, Berthold Vöckling",
    title =        "{Worst Case and Probabilistic Analysis of the 2-Opt Algorithm for the TSP}",
    journal =      "{Electronic Colloquium on Computational Complexity}",
    year =         2006"
}

@article{JohMcg97,
    author =       "David S. Johnson and Lyle A. McGeoch",
    title =        "{The Traveling Salesman Problem: A Case Study in Local Optimization}",
    year =         "1997"
}

@article{Nilsson,
    author =       "Christian Nilsson",
    title =        "{Heuristics for the Traveling Salesman Problem}",
    year =         "1997"
}

@misc{extreme,
   title = "{Extreme Algorithms}",
   year = "2015",
   url = "\url{http://www.seas.gwu.edu/~simhaweb/champalg/tsp/tsp.html}",
   note = "[Online; accessed 2015-11-02]"
}